

@article{RANDOM1995,
author = {Rajeev Motwani, Prabhakar Raghavan},
title= {Randomized Algorithm},
year = {1995},
pages = {28--42}
}

@article{FIBONACCI1982,
	author = {Yasuichi Horibe},
	title = {"Notes on Fibonacci Trees and Their Optimality"},
	year = {1982}
}

@article{PROBABILISTIC,
	author = {Michael Saks, Avi Widerson},
	title = {PROBABILISTIC BOOLEAN DECISION TREES
	AND THE COMPLEXITY OF EVALUATING GAME TREES},
	year = {1986},
	journal = {IEEE}
}

@article{YAO,
	author = {Andrew Yao},
	title = {Probabilistic computations: Toward a unified measure of complexity},
	journal = {Proceedings of the 18th IEEE Symposium on Foundations of Computer Science (FOCS)},
	pages ={222--227},
	year = {1977}
}

@article{RG,
	author = {Daniel Roche},
	title = {Randomness in Computing, Game Tree Unit},
    journal = {United States Academy},
    year = {2013}	
}

@article{DETER,
	author = {Victor Allis},
	title = {Searching for Solutions in Games and Artificial Intelligence},
	type = {Thesis},
	journal = {University of Limburg, Maastricht, The Netherlands},
	year = {1994},
	ISBN = {90-900748-8-0},
}

@article{GT,
	author={Te Chiang Hu, Man-tak Shing},
	title = {Combinatorial Algorithms},
	journal = {Combinatorial Algorithms},
	year = {2002}
}

@book{ MCS,
	author = {Michael Drmota, Philippe Flajolet, Daniele Gardy, Bernhard Gittenberger},
	title = {Mathematics and Computer Science III Algorithms, Trees, Combinatorics and Probabilities},
	year = {2000}
}

@article{LAS,
	author = {Steven D. Galbraith},
	title = {Mathematics of Public Key Cryptography},
	year = {2012},
	journal = {Mathematics of Public Key Cryptography},
	pages = {16--17}
}

@article{YAOC,
	author = {Andrew Yao},
	title = {Probabilistic computations: towards a
	unified measure of complexity},
	journal = {Proc. 18th Annual Symposium on Foundations of Computer Science},
	year = {1977}
}

@book{VON,
	author = {Ann},
	title = {Contributions to the theory of games},
	year = {1950}
}

@article{ LOOMIS,
	author = {Lynn H Loomis},
	title = {ON A THEOREM OF VON NEUMANN},
	journal = {National Academy of Sciences},
	year = {1946}
}

@article{S,
	author = {M Snir},
	title = {Lower bounds for probabilistic linear decision trees},
	journal = {Theoretical Computer Science},
	year = {1985}
}

@article{MT,
	author = {U. Manber and M. Tompa},
	title = {The complexity of problems on probabilistic nondeterministic and alternating decision trees},
	journal = {JACM},
	year = {1985}
}

@book{SA,
	author = {Michael Maschler, Eilon Solan, Shmuel Zamir},
	title = {Game Theory},
	ISBN = {9781107005488},
	year = {2013}
}

@article{YAOS,
	author = {Borodin Allan, El-Yaniv, Ran },
	title = { Online Computation and Competitive Analysis},
	year = {2005}
	journal = {Cambridge University Press} 
	pages = {115--120}
}

@article{M,
	author = {F. Meyer auf der Heide},
	title = {Nondeterministic versus
	probabilistic linear search algorithms},
	journal = {Proc.26th Annual Symposium on Foundations of Computer Science},
	year = {1985},
	pages = {65--73}
}
\end
